\thispagestyle{fancy}
\lhead{}
\rhead{Reference}

@article{DBLP:journals/corr/ReedAYLSL16,
  author    = {Scott E. Reed and
               Zeynep Akata and
               Xinchen Yan and
               Lajanugen Logeswaran and
               Bernt Schiele and
               Honglak Lee},
  title     = {Generative Adversarial Text to Image Synthesis},
  journal   = {CoRR},
  volume    = {abs/1605.05396},
  year      = {2016},
  url       = {http://arxiv.org/abs/1605.05396},
  eprinttype = {arXiv},
  eprint    = {1605.05396},
  timestamp = {Mon, 13 Aug 2018 16:48:35 +0200},
  biburl    = {https://dblp.org/rec/journals/corr/ReedAYLSL16.bib},
  bibsource = {dblp computer science bibliography, https://dblp.org}
}

@INPROCEEDINGS{7780634,  
  author={Gatys, Leon A. and Ecker, Alexander S. and Bethge, Matthias},  
  booktitle={2016 IEEE Conference on Computer Vision and Pattern Recognition (CVPR)},   
  title={Image Style Transfer Using Convolutional Neural Networks},   
  year={2016},  
  volume={},  
  number={},  
  pages={2414-2423},  
  doi={10.1109/CVPR.2016.265}
}

@article{zhang2017multistyle,
	title={Multi-style Generative Network for Real-time Transfer},
	author={Zhang, Hang and Dana, Kristin},
	journal={arXiv preprint arXiv:1703.06953},
	year={2017}
}

%关闭自动省略作者名称
@IEEEtranBSTCTL{IEEEexample:BSTcontrol,
CTLdash_repeated_names = "no"
}